@misc{barker2024poincaregaugetheoryconformal,
      title={Every Poincar\'e gauge theory is conformal: a compelling case for dynamical vector torsion}, 
      author={Will Barker and Michael Hobson and Anthony Lasenby and Yun-Cherng Lin and Zhiyuan Wei},
      year={2024},
      eprint={2406.12826},
      archivePrefix={arXiv},
      primaryClass={hep-th},
      url={https://arxiv.org/abs/2406.12826}, 
}

@book{Mukhanov:2005sc,
    author = "Mukhanov, V.",
    title = "{Physical Foundations of Cosmology}",
    doi = "10.1017/CBO9780511790553",
    isbn = "978-0-521-56398-7",
    publisher = "Cambridge University Press",
    address = "Oxford",
    year = "2005"
}

@misc{baumann2012tasilecturesinflation,
      title={TASI Lectures on Inflation}, 
      author={Daniel Baumann},
      year={2012},
      eprint={0907.5424},
      archivePrefix={arXiv},
      primaryClass={hep-th},
      url={https://arxiv.org/abs/0907.5424}, 
}

@article{Lasenby_2016,
   title={Scale-invariant gauge theories of gravity: Theoretical foundations},
   volume={57},
   ISSN={1089-7658},
   url={http://dx.doi.org/10.1063/1.4963143},
   DOI={10.1063/1.4963143},
   number={9},
   journal={Journal of Mathematical Physics},
   publisher={AIP Publishing},
   author={Lasenby, A. N. and Hobson, M. P.},
   year={2016},
   month=sep }


@article{Salvio_2022,
   title={Inflating and reheating the Universe with an independent affine connection},
   volume={106},
   ISSN={2470-0029},
   url={http://dx.doi.org/10.1103/PhysRevD.106.103510},
   DOI={10.1103/physrevd.106.103510},
   number={10},
   journal={Physical Review D},
   publisher={American Physical Society (APS)},
   author={Salvio, Alberto},
   year={2022},
   month=nov }

@article{Vitagliano_2011,
   title={The dynamics of metric-affine gravity},
   volume={326},
   ISSN={0003-4916},
   url={http://dx.doi.org/10.1016/j.aop.2011.02.008},
   DOI={10.1016/j.aop.2011.02.008},
   number={5},
   journal={Annals of Physics},
   publisher={Elsevier BV},
   author={Vitagliano, Vincenzo and Sotiriou, Thomas P. and Liberati, Stefano},
   year={2011},
   month=may, pages={1259–1273} }

@article{Blas_2011,
   title={Scale-invariant alternatives to general relativity},
   volume={84},
   ISSN={1550-2368},
   url={http://dx.doi.org/10.1103/PhysRevD.84.044001},
   DOI={10.1103/physrevd.84.044001},
   number={4},
   journal={Physical Review D},
   publisher={American Physical Society (APS)},
   author={Blas, Diego and Shaposhnikov, Mikhail and Zenhäusern, Daniel},
   year={2011},
   month=aug }

@misc{barker2024inflationarygravitationalwavesignatures,
      title={Inflationary and Gravitational Wave Signatures of Small Primordial Black Holes as Dark Matter}, 
      author={Will Barker and Benjamin Gladwyn and Sebastian Zell},
      year={2024},
      eprint={2410.11948},
      archivePrefix={arXiv},
      primaryClass={astro-ph.CO},
      url={https://arxiv.org/abs/2410.11948}, 
}

@article{Ballesteros_2015,
   title={Large tensor-to-scalar ratio and running of the scalar spectral index with instep inflation},
   volume={91},
   ISSN={1550-2368},
   url={http://dx.doi.org/10.1103/PhysRevD.91.043502},
   DOI={10.1103/physrevd.91.043502},
   number={4},
   journal={Physical Review D},
   publisher={American Physical Society (APS)},
   author={Ballesteros, Guillermo and Casas, J. Alberto},
   year={2015},
   month=feb }
