@misc{barker2024poincaregaugetheoryconformal,
      title={Every Poincar\'e gauge theory is conformal: a compelling case for dynamical vector torsion}, 
      author={Will Barker and Michael Hobson and Anthony Lasenby and Yun-Cherng Lin and Zhiyuan Wei},
      year={2024},
      eprint={2406.12826},
      archivePrefix={arXiv},
      primaryClass={hep-th},
      url={https://arxiv.org/abs/2406.12826}, 
}

@book{Mukhanov:2005sc,
    author = "Mukhanov, V.",
    title = "{Physical Foundations of Cosmology}",
    doi = "10.1017/CBO9780511790553",
    isbn = "978-0-521-56398-7",
    publisher = "Cambridge University Press",
    address = "Oxford",
    year = "2005"
}

@misc{baumann2012tasilecturesinflation,
      title={TASI Lectures on Inflation}, 
      author={Daniel Baumann},
      year={2012},
      eprint={0907.5424},
      archivePrefix={arXiv},
      primaryClass={hep-th},
      url={https://arxiv.org/abs/0907.5424}, 
}

@article{Lasenby_2016,
   title={Scale-invariant gauge theories of gravity: Theoretical foundations},
   volume={57},
   ISSN={1089-7658},
   url={http://dx.doi.org/10.1063/1.4963143},
   DOI={10.1063/1.4963143},
   number={9},
   journal={Journal of Mathematical Physics},
   publisher={AIP Publishing},
   author={Lasenby, A. N. and Hobson, M. P.},
   year={2016},
   month=sep }


@article{Salvio_2022,
   title={Inflating and reheating the Universe with an independent affine connection},
   volume={106},
   ISSN={2470-0029},
   url={http://dx.doi.org/10.1103/PhysRevD.106.103510},
   DOI={10.1103/physrevd.106.103510},
   number={10},
   journal={Physical Review D},
   publisher={American Physical Society (APS)},
   author={Salvio, Alberto},
   year={2022},
   month=nov }

@article{Vitagliano_2011,
   title={The dynamics of metric-affine gravity},
   volume={326},
   ISSN={0003-4916},
   url={http://dx.doi.org/10.1016/j.aop.2011.02.008},
   DOI={10.1016/j.aop.2011.02.008},
   number={5},
   journal={Annals of Physics},
   publisher={Elsevier BV},
   author={Vitagliano, Vincenzo and Sotiriou, Thomas P. and Liberati, Stefano},
   year={2011},
   month=may, pages={1259–1273} }

@article{Blas_2011,
   title={Scale-invariant alternatives to general relativity},
   volume={84},
   ISSN={1550-2368},
   url={http://dx.doi.org/10.1103/PhysRevD.84.044001},
   DOI={10.1103/physrevd.84.044001},
   number={4},
   journal={Physical Review D},
   publisher={American Physical Society (APS)},
   author={Blas, Diego and Shaposhnikov, Mikhail and Zenhäusern, Daniel},
   year={2011},
   month=aug }

@misc{barker2024inflationarygravitationalwavesignatures,
      title={Inflationary and Gravitational Wave Signatures of Small Primordial Black Holes as Dark Matter}, 
      author={Will Barker and Benjamin Gladwyn and Sebastian Zell},
      year={2024},
      eprint={2410.11948},
      archivePrefix={arXiv},
      primaryClass={astro-ph.CO},
      url={https://arxiv.org/abs/2410.11948}, 
}

@article{Ballesteros_2015,
   title={Large tensor-to-scalar ratio and running of the scalar spectral index with instep inflation},
   volume={91},
   ISSN={1550-2368},
   url={http://dx.doi.org/10.1103/PhysRevD.91.043502},
   DOI={10.1103/physrevd.91.043502},
   number={4},
   journal={Physical Review D},
   publisher={American Physical Society (APS)},
   author={Ballesteros, Guillermo and Casas, J. Alberto},
   year={2015},
   month=feb }

@book{Baumann_2022, place={Cambridge}, title={Cosmology}, publisher={Cambridge University Press}, author={Baumann, Daniel}, year={2022}} <div></div>

@article{2020,
   title={Planck2018 results: X. Constraints on inflation},
   volume={641},
   ISSN={1432-0746},
   url={http://dx.doi.org/10.1051/0004-6361/201833887},
   DOI={10.1051/0004-6361/201833887},
   journal={Astronomy &amp; Astrophysics},
   publisher={EDP Sciences},
   author={Akrami, Y. and Arroja, F. and Ashdown, M. and Aumont, J. and Baccigalupi, C. and Ballardini, M. and Banday, A. J. and Barreiro, R. B. and Bartolo, N. and Basak, S. and Benabed, K. and Bernard, J.-P. and Bersanelli, M. and Bielewicz, P. and Bock, J. J. and Bond, J. R. and Borrill, J. and Bouchet, F. R. and Boulanger, F. and Bucher, M. and Burigana, C. and Butler, R. C. and Calabrese, E. and Cardoso, J.-F. and Carron, J. and Challinor, A. and Chiang, H. C. and Colombo, L. P. L. and Combet, C. and Contreras, D. and Crill, B. P. and Cuttaia, F. and de Bernardis, P. and de Zotti, G. and Delabrouille, J. and Delouis, J.-M. and Di Valentino, E. and Diego, J. M. and Donzelli, S. and Doré, O. and Douspis, M. and Ducout, A. and Dupac, X. and Dusini, S. and Efstathiou, G. and Elsner, F. and Enßlin, T. A. and Eriksen, H. K. and Fantaye, Y. and Fergusson, J. and Fernandez-Cobos, R. and Finelli, F. and Forastieri, F. and Frailis, M. and Franceschi, E. and Frolov, A. and Galeotta, S. and Galli, S. and Ganga, K. and Gauthier, C. and Génova-Santos, R. T. and Gerbino, M. and Ghosh, T. and González-Nuevo, J. and Górski, K. M. and Gratton, S. and Gruppuso, A. and Gudmundsson, J. E. and Hamann, J. and Handley, W. and Hansen, F. K. and Herranz, D. and Hivon, E. and Hooper, D. C. and Huang, Z. and Jaffe, A. H. and Jones, W. C. and Keihänen, E. and Keskitalo, R. and Kiiveri, K. and Kim, J. and Kisner, T. S. and Krachmalnicoff, N. and Kunz, M. and Kurki-Suonio, H. and Lagache, G. and Lamarre, J.-M. and Lasenby, A. and Lattanzi, M. and Lawrence, C. R. and Le Jeune, M. and Lesgourgues, J. and Levrier, F. and Lewis, A. and Liguori, M. and Lilje, P. B. and Lindholm, V. and López-Caniego, M. and Lubin, P. M. and Ma, Y.-Z. and Macías-Pérez, J. F. and Maggio, G. and Maino, D. and Mandolesi, N. and Mangilli, A. and Marcos-Caballero, A. and Maris, M. and Martin, P. G. and Martínez-González, E. and Matarrese, S. and Mauri, N. and McEwen, J. D. and Meerburg, P. D. and Meinhold, P. R. and Melchiorri, A. and Mennella, A. and Migliaccio, M. and Mitra, S. and Miville-Deschênes, M.-A. and Molinari, D. and Moneti, A. and Montier, L. and Morgante, G. and Moss, A. and Münchmeyer, M. and Natoli, P. and Nørgaard-Nielsen, H. U. and Pagano, L. and Paoletti, D. and Partridge, B. and Patanchon, G. and Peiris, H. V. and Perrotta, F. and Pettorino, V. and Piacentini, F. and Polastri, L. and Polenta, G. and Puget, J.-L. and Rachen, J. P. and Reinecke, M. and Remazeilles, M. and Renzi, A. and Rocha, G. and Rosset, C. and Roudier, G. and Rubiño-Martín, J. A. and Ruiz-Granados, B. and Salvati, L. and Sandri, M. and Savelainen, M. and Scott, D. and Shellard, E. P. S. and Shiraishi, M. and Sirignano, C. and Sirri, G. and Spencer, L. D. and Sunyaev, R. and Suur-Uski, A.-S. and Tauber, J. A. and Tavagnacco, D. and Tenti, M. and Toffolatti, L. and Tomasi, M. and Trombetti, T. and Valiviita, J. and Van Tent, B. and Vielva, P. and Villa, F. and Vittorio, N. and Wandelt, B. D. and Wehus, I. K. and White, S. D. M. and Zacchei, A. and Zibin, J. P. and Zonca, A.},
   year={2020},
   month=sep, pages={A10} }

