@misc{barker2024poincaregaugetheoryconformal,
      title={Every Poincar\'e gauge theory is conformal: a compelling case for dynamical vector torsion}, 
      author={Will Barker and Michael Hobson and Anthony Lasenby and Yun-Cherng Lin and Zhiyuan Wei},
      year={2024},
      eprint={2406.12826},
      archivePrefix={arXiv},
      primaryClass={hep-th},
      url={https://arxiv.org/abs/2406.12826}, 
}

@book{Mukhanov:2005sc,
    author = "Mukhanov, V.",
    title = "{Physical Foundations of Cosmology}",
    doi = "10.1017/CBO9780511790553",
    isbn = "978-0-521-56398-7",
    publisher = "Cambridge University Press",
    address = "Oxford",
    year = "2005"
}

@misc{baumann2012tasilecturesinflation,
      title={TASI Lectures on Inflation}, 
      author={Daniel Baumann},
      year={2012},
      eprint={0907.5424},
      archivePrefix={arXiv},
      primaryClass={hep-th},
      url={https://arxiv.org/abs/0907.5424}, 
}

@article{Lasenby_2016,
   title={Scale-invariant gauge theories of gravity: Theoretical foundations},
   volume={57},
   ISSN={1089-7658},
   url={http://dx.doi.org/10.1063/1.4963143},
   DOI={10.1063/1.4963143},
   number={9},
   journal={Journal of Mathematical Physics},
   publisher={AIP Publishing},
   author={Lasenby, A. N. and Hobson, M. P.},
   year={2016},
   month=sep }


@article{Salvio_2022,
   title={Inflating and reheating the Universe with an independent affine connection},
   volume={106},
   ISSN={2470-0029},
   url={http://dx.doi.org/10.1103/PhysRevD.106.103510},
   DOI={10.1103/physrevd.106.103510},
   number={10},
   journal={Physical Review D},
   publisher={American Physical Society (APS)},
   author={Salvio, Alberto},
   year={2022},
   month=nov }

@article{Vitagliano_2011,
   title={The dynamics of metric-affine gravity},
   volume={326},
   ISSN={0003-4916},
   url={http://dx.doi.org/10.1016/j.aop.2011.02.008},
   DOI={10.1016/j.aop.2011.02.008},
   number={5},
   journal={Annals of Physics},
   publisher={Elsevier BV},
   author={Vitagliano, Vincenzo and Sotiriou, Thomas P. and Liberati, Stefano},
   year={2011},
   month=may, pages={1259–1273} }

@article{Blas_2011,
   title={Scale-invariant alternatives to general relativity},
   volume={84},
   ISSN={1550-2368},
   url={http://dx.doi.org/10.1103/PhysRevD.84.044001},
   DOI={10.1103/physrevd.84.044001},
   number={4},
   journal={Physical Review D},
   publisher={American Physical Society (APS)},
   author={Blas, Diego and Shaposhnikov, Mikhail and Zenhäusern, Daniel},
   year={2011},
   month=aug }

@misc{barker2024inflationarygravitationalwavesignatures,
      title={Inflationary and Gravitational Wave Signatures of Small Primordial Black Holes as Dark Matter}, 
      author={Will Barker and Benjamin Gladwyn and Sebastian Zell},
      year={2024},
      eprint={2410.11948},
      archivePrefix={arXiv},
      primaryClass={astro-ph.CO},
      url={https://arxiv.org/abs/2410.11948}, 
}

@article{Ballesteros_2015,
   title={Large tensor-to-scalar ratio and running of the scalar spectral index with instep inflation},
   volume={91},
   ISSN={1550-2368},
   url={http://dx.doi.org/10.1103/PhysRevD.91.043502},
   DOI={10.1103/physrevd.91.043502},
   number={4},
   journal={Physical Review D},
   publisher={American Physical Society (APS)},
   author={Ballesteros, Guillermo and Casas, J. Alberto},
   year={2015},
   month=feb }

@book{Baumann_2022, place={Cambridge}, title={Cosmology}, publisher={Cambridge University Press}, author={Baumann, Daniel}, year={2022}} <div></div>

@article{2020,
   title={Planck2018 results: X. Constraints on inflation},
   volume={641},
   ISSN={1432-0746},
   url={http://dx.doi.org/10.1051/0004-6361/201833887},
   DOI={10.1051/0004-6361/201833887},
   journal={Astronomy &amp; Astrophysics},
   publisher={EDP Sciences},
   author={Akrami, Y. and Arroja, F. and Ashdown, M. and Aumont, J. and Baccigalupi, C. and Ballardini, M. and Banday, A. J. and Barreiro, R. B. and Bartolo, N. and Basak, S. and Benabed, K. and Bernard, J.-P. and Bersanelli, M. and Bielewicz, P. and Bock, J. J. and Bond, J. R. and Borrill, J. and Bouchet, F. R. and Boulanger, F. and Bucher, M. and Burigana, C. and Butler, R. C. and Calabrese, E. and Cardoso, J.-F. and Carron, J. and Challinor, A. and Chiang, H. C. and Colombo, L. P. L. and Combet, C. and Contreras, D. and Crill, B. P. and Cuttaia, F. and de Bernardis, P. and de Zotti, G. and Delabrouille, J. and Delouis, J.-M. and Di Valentino, E. and Diego, J. M. and Donzelli, S. and Doré, O. and Douspis, M. and Ducout, A. and Dupac, X. and Dusini, S. and Efstathiou, G. and Elsner, F. and Enßlin, T. A. and Eriksen, H. K. and Fantaye, Y. and Fergusson, J. and Fernandez-Cobos, R. and Finelli, F. and Forastieri, F. and Frailis, M. and Franceschi, E. and Frolov, A. and Galeotta, S. and Galli, S. and Ganga, K. and Gauthier, C. and Génova-Santos, R. T. and Gerbino, M. and Ghosh, T. and González-Nuevo, J. and Górski, K. M. and Gratton, S. and Gruppuso, A. and Gudmundsson, J. E. and Hamann, J. and Handley, W. and Hansen, F. K. and Herranz, D. and Hivon, E. and Hooper, D. C. and Huang, Z. and Jaffe, A. H. and Jones, W. C. and Keihänen, E. and Keskitalo, R. and Kiiveri, K. and Kim, J. and Kisner, T. S. and Krachmalnicoff, N. and Kunz, M. and Kurki-Suonio, H. and Lagache, G. and Lamarre, J.-M. and Lasenby, A. and Lattanzi, M. and Lawrence, C. R. and Le Jeune, M. and Lesgourgues, J. and Levrier, F. and Lewis, A. and Liguori, M. and Lilje, P. B. and Lindholm, V. and López-Caniego, M. and Lubin, P. M. and Ma, Y.-Z. and Macías-Pérez, J. F. and Maggio, G. and Maino, D. and Mandolesi, N. and Mangilli, A. and Marcos-Caballero, A. and Maris, M. and Martin, P. G. and Martínez-González, E. and Matarrese, S. and Mauri, N. and McEwen, J. D. and Meerburg, P. D. and Meinhold, P. R. and Melchiorri, A. and Mennella, A. and Migliaccio, M. and Mitra, S. and Miville-Deschênes, M.-A. and Molinari, D. and Moneti, A. and Montier, L. and Morgante, G. and Moss, A. and Münchmeyer, M. and Natoli, P. and Nørgaard-Nielsen, H. U. and Pagano, L. and Paoletti, D. and Partridge, B. and Patanchon, G. and Peiris, H. V. and Perrotta, F. and Pettorino, V. and Piacentini, F. and Polastri, L. and Polenta, G. and Puget, J.-L. and Rachen, J. P. and Reinecke, M. and Remazeilles, M. and Renzi, A. and Rocha, G. and Rosset, C. and Roudier, G. and Rubiño-Martín, J. A. and Ruiz-Granados, B. and Salvati, L. and Sandri, M. and Savelainen, M. and Scott, D. and Shellard, E. P. S. and Shiraishi, M. and Sirignano, C. and Sirri, G. and Spencer, L. D. and Sunyaev, R. and Suur-Uski, A.-S. and Tauber, J. A. and Tavagnacco, D. and Tenti, M. and Toffolatti, L. and Tomasi, M. and Trombetti, T. and Valiviita, J. and Van Tent, B. and Vielva, P. and Villa, F. and Vittorio, N. and Wandelt, B. D. and Wehus, I. K. and White, S. D. M. and Zacchei, A. and Zibin, J. P. and Zonca, A.},
   year={2020},
   month=sep, pages={A10} }


@Inbook{Linde2007,
author="Linde, Andrei",
editor="Lemoine, Martin
and Martin, Jerome
and Peter, Patrick",
title="Inflationary Cosmology",
bookTitle="Inflationary Cosmology",
year="2007",
publisher="Springer Berlin Heidelberg",
address="Berlin, Heidelberg",
pages="1--54",
abstract="This chapter presents a general review of the history of inflationary cosmology and of its present status",
isbn="978-3-540-74353-8",
doi="10.1007/978-3-540-74353-8_1",
url="https://doi.org/10.1007/978-3-540-74353-8_1"
}

@article{bars2014local,
  title={Local conformal symmetry in physics and cosmology},
  author={Bars, Itzhak and Steinhardt, Paul and Turok, Neil},
  journal={Physical Review D},
  volume={89},
  number={4},
  pages={043515},
  year={2014},
  publisher={APS}
}

@article{Rinaldi_2014,
doi = {10.1088/1475-7516/2014/08/015},
url = {https://dx.doi.org/10.1088/1475-7516/2014/08/015},
year = {2014},
month = {aug},
publisher = {},
volume = {2014},
number = {08},
pages = {015},
author = {Rinaldi, Massimiliano and Cognola, Guido and Vanzo, Luciano and Zerbini, Sergio},
title = {Reconstructing the inflationary f(R) from observations},
journal = {Journal of Cosmology and Astroparticle Physics},
abstract = {The BICEP2 collaboration has recently released data showing that the  scalar-to-tensor ratio r is much larger than expected. The immediate consequence, in the context of f(R) gravity,  is that the Starobinsky model of inflation is ruled out since it predicts a value of r much smaller than what is observed. Of course, the BICEP2 data need verification, especially from Planck with which  there is some tension, therefore any conclusion seems premature. However, it is interesting to ask what would be the functional form of f(R) in the case when the value of r is different from the one predicted by the Starobinsky model. In this paper, we show how to determine the form of f(R), once the slow-roll parameters are known with some accuracy. The striking result is that, for given values of the scalar spectral index nS and r, the effective Lagrangian has the form f(R)=Rζ, where ζ=2-ε and |ε|≪ 1. Therefore, it appears that the inflationary phase of the Universe is best described by a R2 theory, with a small deviation that, as we show, can be obtained by quantum corrections.}
}

@article{Rinaldi_2014,
doi = {10.1088/1475-7516/2014/08/015},
url = {https://dx.doi.org/10.1088/1475-7516/2014/08/015},
year = {2014},
month = {aug},
publisher = {},
volume = {2014},
number = {08},
pages = {015},
author = {Rinaldi, Massimiliano and Cognola, Guido and Vanzo, Luciano and Zerbini, Sergio},
title = {Reconstructing the inflationary f(R) from observations},
journal = {Journal of Cosmology and Astroparticle Physics},
abstract = {The BICEP2 collaboration has recently released data showing that the  scalar-to-tensor ratio r is much larger than expected. The immediate consequence, in the context of f(R) gravity,  is that the Starobinsky model of inflation is ruled out since it predicts a value of r much smaller than what is observed. Of course, the BICEP2 data need verification, especially from Planck with which  there is some tension, therefore any conclusion seems premature. However, it is interesting to ask what would be the functional form of f(R) in the case when the value of r is different from the one predicted by the Starobinsky model. In this paper, we show how to determine the form of f(R), once the slow-roll parameters are known with some accuracy. The striking result is that, for given values of the scalar spectral index nS and r, the effective Lagrangian has the form f(R)=Rζ, where ζ=2-ε and |ε|≪ 1. Therefore, it appears that the inflationary phase of the Universe is best described by a R2 theory, with a small deviation that, as we show, can be obtained by quantum corrections.}
}

@article{pradisi2022equivalence,
  title={(In) equivalence of metric-affine and metric effective field theories},
  author={Pradisi, Gianfranco and Salvio, Alberto},
  journal={The European Physical Journal C},
  volume={82},
  number={9},
  pages={840},
  year={2022},
  publisher={Springer}
}

@article{bars2014local,
  title={Local conformal symmetry in physics and cosmology},
  author={Bars, Itzhak and Steinhardt, Paul and Turok, Neil},
  journal={Physical Review D},
  volume={89},
  number={4},
  pages={043515},
  year={2014},
  publisher={APS}
}

@misc{doiQuadraticLagrangians,
	author = {},
	title = {{Q}uadratic lagrangians and general relativity - {I}l {N}uovo {C}imento (1955-1965) --- doi.org},
	howpublished = {\url{https://doi.org/10.1007/BF02732547}},
	year = {},
	note = {[Accessed 21-03-2025]},
}

@article{chung2003running,
  title={Running of the scalar spectral index from inflationary models},
  author={Chung, Daniel JH and Shiu, Gary and Trodden, Mark},
  journal={Physical Review D},
  volume={68},
  number={6},
  pages={063501},
  year={2003},
  publisher={APS}
}

@article{Cecchini_2024,
   title={Testing scale-invariant inflation against cosmological data},
   volume={2024},
   ISSN={1475-7516},
   url={http://dx.doi.org/10.1088/1475-7516/2024/07/058},
   DOI={10.1088/1475-7516/2024/07/058},
   number={07},
   journal={Journal of Cosmology and Astroparticle Physics},
   publisher={IOP Publishing},
   author={Cecchini, Chiara and De Angelis, Mariaveronica and Giarè, William and Rinaldi, Massimiliano and Vagnozzi, Sunny},
   year={2024},
   month=jul, pages={058} }


@article{ivanov2022analytic,
  title={Analytic extensions of Starobinsky model of inflation},
  author={Ivanov, Vsevolod R and Ketov, Sergei V and Pozdeeva, Ekaterina O and Vernov, Sergey Yu},
  journal={Journal of Cosmology and Astroparticle Physics},
  volume={2022},
  number={03},
  pages={058},
  year={2022},
  publisher={IOP Publishing}
}

@article{lust2024starobinsky,
  title={Starobinsky inflation in the swampland},
  author={L{\"u}st, Dieter and Masias, Joaquin and Muntz, Benjamin and Scalisi, Marco},
  journal={Journal of High Energy Physics},
  volume={2024},
  number={7},
  pages={1--30},
  year={2024},
  publisher={Springer}
}